<record><leader>00000cas a22000007a 4500</leader><controlfield tag="001">9308729</controlfield><controlfield tag="008">830314d18381859mdudn ne      0    0eng d</controlfield><controlfield tag="009">540</controlfield><datafield ind1=" " ind2=" " tag="010"><subfield code="a">sn 83045134 </subfield></datafield><datafield ind1=" " ind2=" " tag="040"><subfield code="a">CRL</subfield><subfield code="b">eng</subfield><subfield code="c">CRL</subfield><subfield code="d">NPW</subfield><subfield code="d">DLC</subfield><subfield code="d">NPX</subfield><subfield code="d">DLC</subfield><subfield code="d">KNP</subfield><subfield code="d">MFN</subfield><subfield code="d">KNP</subfield><subfield code="d">MGN</subfield><subfield code="d">CRL</subfield><subfield code="d">CNW</subfield><subfield code="d">NVK</subfield><subfield code="d">DLC</subfield><subfield code="d">OCL</subfield><subfield code="d">OCLCQ</subfield><subfield code="d">DLC</subfield><subfield code="d">OCLCQ</subfield><subfield code="d">KRTAS</subfield><subfield code="d">OCLCF</subfield><subfield code="d">OCLCO</subfield></datafield><datafield ind1="1" ind2=" " tag="029"><subfield code="a">AU@</subfield><subfield code="b">000026221708</subfield></datafield><datafield ind1=" " ind2=" " tag="042"><subfield code="a">msc</subfield></datafield><datafield ind1=" " ind2=" " tag="043"><subfield code="a">n-us-md</subfield></datafield><datafield ind1="0" ind2="0" tag="050"><subfield code="a">Newspaper</subfield></datafield><datafield ind1="0" ind2=" " tag="130"><subfield code="a">Baltimore patriot and commercial gazette (Baltimore, Md. : Daily)</subfield></datafield><datafield ind1="1" ind2="0" tag="245"><subfield code="a">Baltimore patriot &amp; commercial gazette.</subfield></datafield><datafield ind1="3" ind2="0" tag="246"><subfield code="a">Baltimore patriot and commercial gazette</subfield></datafield><datafield ind1="1" ind2="3" tag="246"><subfield code="a">Baltimore patriot</subfield></datafield><datafield ind1=" " ind2=" " tag="260"><subfield code="a">Baltimore [Md.] :</subfield><subfield code="b">I. Munroe</subfield></datafield><datafield ind1=" " ind2=" " tag="300"><subfield code="a">v. :</subfield><subfield code="b">ill. ;</subfield><subfield code="c">70 cm.</subfield></datafield><datafield ind1=" " ind2=" " tag="310"><subfield code="a">Daily (except Sun.)</subfield></datafield><datafield ind1="0" ind2=" " tag="362"><subfield code="a">Apr. 2, 1838-v. 45, no. 30 (Dec. 31, 1859).</subfield></datafield><datafield ind1=" " ind2=" " tag="500"><subfield code="a">Published as: Baltimore patriot, May 23-Dec. 31, 1859.</subfield></datafield><datafield ind1=" " ind2=" " tag="580"><subfield code="a">Weekly eds.: Weekly Baltimore patriot; Baltimore weekly patriot.</subfield></datafield><datafield ind1=" " ind2=" " tag="580"><subfield code="a">Merger of: Baltimore gazette and daily advertiser, and: Baltimore patriot &amp; mercantile advertiser (Baltimore, Md. : Daily).</subfield></datafield><datafield ind1=" " ind2="0" tag="651"><subfield code="a">Baltimore (Md.)</subfield><subfield code="v">Newspapers.</subfield></datafield><datafield ind1=" " ind2="7" tag="655"><subfield code="a">Newspapers.</subfield><subfield code="2">fast</subfield><subfield code="0">(OCoLC)fst01423814</subfield></datafield><datafield ind1=" " ind2="7" tag="651"><subfield code="a">Maryland</subfield><subfield code="z">Baltimore.</subfield><subfield code="2">fast</subfield><subfield code="0">(OCoLC)fst01204292</subfield></datafield><datafield ind1=" " ind2=" " tag="752"><subfield code="a">United States</subfield><subfield code="b">Maryland</subfield><subfield code="d">Baltimore.</subfield></datafield><datafield ind1="0" ind2=" " tag="775"><subfield code="t">Baltimore patriot and commercial gazette (Baltimore, Md. : Triweekly)</subfield><subfield code="w">(DLC)sn 83016064</subfield><subfield code="w">(OCoLC)9416499</subfield></datafield><datafield ind1="1" ind2=" " tag="775"><subfield code="t">Weekly Baltimore patriot</subfield><subfield code="w">(DLC)sn 84024604</subfield><subfield code="w">(OCoLC)11369344</subfield></datafield><datafield ind1="1" ind2=" " tag="775"><subfield code="t">Baltimore weekly patriot</subfield><subfield code="w">(DLC)sn 84038775</subfield><subfield code="w">(OCoLC)11511880</subfield></datafield><datafield ind1="1" ind2="4" tag="780"><subfield code="t">Baltimore gazette and daily advertiser</subfield><subfield code="w">(DLC)sn 83016396</subfield><subfield code="w">(OCoLC)9793870</subfield></datafield><datafield ind1="1" ind2="4" tag="780"><subfield code="t">Baltimore patriot &amp; mercantile advertiser (Baltimore, Md. : Daily)</subfield><subfield code="w">(DLC)sn 83009681</subfield><subfield code="w">(OCoLC)9276855</subfield></datafield><datafield ind1="0" ind2="0" tag="785"><subfield code="t">Baltimore evening patriot</subfield><subfield code="w">(DLC)sn 83009683</subfield><subfield code="w">(OCoLC)9277521</subfield></datafield><datafield ind1=" " ind2=" " tag="938"><subfield code="a">Kirtas Technologies, Inc.</subfield><subfield code="b">KRTS</subfield><subfield code="n">736262</subfield></datafield></record>